%% This BibTeX bibliography file was created using BibDesk.
%% http://bibdesk.sourceforge.net/
%% Created by Severin Landolt
%% Saved with string encoding Unicode (UTF-8)

@article{cite-key,
	Author = {Severin Landolt},
	Date-Added = {2018-11-13 22:46:54 +0100},
	Date-Modified = {2018-11-13 22:47:26 +0100},
	Journal = {thesis},
	Title = {BibTex Example},
	Year = {2018}}
