@book{de1998little,
  title={The little prince},
  author={Saint-Exup{\'e}ry, Antoine},
  year={1998},
  publisher={Dramatic Publishing}
}

@book{bieger2013,
          volume = {1. Auflage 213},
       publisher = {Haupt Verlag},
         address = {Bern},
          number = {M 3995},
           title = {Das Marketingkonzept im St.Galler Management-Modell (EPUB)},
           pages = {192},
          series = {UTB},
            year = {2013},
          author = {Thomas Bieger},
        keywords = {St.Galler Managementmodell, Marktanalyse, Marketingstrategie, Marketinginstrumente, Innovation, Controlling},
        abstract = {ARRAY(0x555c03824d48)},
             url = {https://www.alexandria.unisg.ch/225867/}
}
